<record><leader>00000cas a22000007a 4500</leader><controlfield tag="001">24450670</controlfield><controlfield tag="008">910925d19uu1983ohuwr ne      0    0eng d</controlfield><datafield ind1=" " ind2=" " tag="010"><subfield code="a">sn 91069781 </subfield></datafield><datafield ind1=" " ind2=" " tag="040"><subfield code="a">ONP</subfield><subfield code="b">eng</subfield><subfield code="c">ONP</subfield><subfield code="d">OCLCQ</subfield></datafield><datafield ind1=" " ind2=" " tag="042"><subfield code="a">msc</subfield></datafield><datafield ind1="0" ind2=" " tag="130"><subfield code="a">Harrison record (Harrison, Ohio : 1977)</subfield></datafield><datafield ind1="1" ind2="4" tag="245"><subfield code="a">The Harrison record.</subfield></datafield><datafield ind1=" " ind2=" " tag="260"><subfield code="a">Harrison, Ohio :</subfield><subfield code="b">Sher-Ter Inc.,</subfield><subfield code="c">-1983.</subfield></datafield><datafield ind1=" " ind2=" " tag="300"><subfield code="a">v.</subfield></datafield><datafield ind1=" " ind2=" " tag="310"><subfield code="a">Weekly</subfield></datafield><datafield ind1="0" ind2=" " tag="362"><subfield code="a">-v. 16, no. 26 (Sept. 21, 1983).</subfield></datafield><datafield ind1=" " ind2=" " tag="588"><subfield code="a">Description based on: Vol. 9, no. 34 (Jan. 5, 1977).</subfield></datafield><datafield ind1=" " ind2=" " tag="752"><subfield code="a">United States</subfield><subfield code="b">Ohio</subfield><subfield code="c">Hamilton</subfield><subfield code="d">Harrison.</subfield></datafield><datafield ind1="0" ind2="0" tag="780"><subfield code="t">Record (Harrison, Ohio : 1968)</subfield><subfield code="w">(DLC)sn 89075023</subfield></datafield><datafield ind1="0" ind2="0" tag="785"><subfield code="t">Record (Harrison, Ohio : 1983)</subfield><subfield code="w">(DLC)sn 91069786</subfield></datafield></record>